<record><leader>00000cas a22000007a 4500</leader><controlfield tag="001">17786553</controlfield><controlfield tag="008">880413d19571958txuwr ne      0    0eng d</controlfield><datafield ind1=" " ind2=" " tag="010"><subfield code="a">sn 88083337 </subfield></datafield><datafield ind1=" " ind2=" " tag="040"><subfield code="a">PPM</subfield><subfield code="b">eng</subfield><subfield code="c">PPM</subfield><subfield code="d">OCL</subfield><subfield code="d">OCLCQ</subfield></datafield><datafield ind1="1" ind2=" " tag="041"><subfield code="a">eng</subfield><subfield code="h">cze</subfield></datafield><datafield ind1=" " ind2=" " tag="042"><subfield code="a">msc</subfield></datafield><datafield ind1="0" ind2="0" tag="245"><subfield code="a">El Campo leader.</subfield></datafield><datafield ind1=" " ind2=" " tag="260"><subfield code="a">El Campo, Tex. :</subfield><subfield code="b">Culp Krueger,</subfield><subfield code="c">1957-</subfield></datafield><datafield ind1=" " ind2=" " tag="310"><subfield code="a">Weekly</subfield></datafield><datafield ind1="0" ind2=" " tag="362"><subfield code="a">Vol. 1, no. 1 (Apr. 3, 1957)-v. 1, no. 52 (Mar. 26, 1958).</subfield></datafield><datafield ind1=" " ind2=" " tag="530"><subfield code="a">Available on microfilm from The Center for American History, University of Texas at Austin.</subfield></datafield><datafield ind1=" " ind2=" " tag="546"><subfield code="a">In English and Czech.</subfield></datafield><datafield ind1=" " ind2=" " tag="752"><subfield code="a">United States</subfield><subfield code="b">Texas</subfield><subfield code="c">Wharton</subfield><subfield code="d">El Campo.</subfield></datafield><datafield ind1="0" ind2="5" tag="780"><subfield code="t">Svoboda (La Grange, Tex. : 1885)</subfield><subfield code="w">(DLC)sn 84024162</subfield></datafield><datafield ind1="0" ind2="7" tag="785"><subfield code="t">Campo news</subfield><subfield code="w">(DLC)sn 86088715</subfield></datafield><datafield ind1="0" ind2="7" tag="785"><subfield code="t">Campo leader-news</subfield><subfield code="w">(DLC)sn 88083364</subfield></datafield></record>